<record><leader>00000cas a22000007a 4500</leader><controlfield tag="001">32752545</controlfield><controlfield tag="008">950703d194u1941okudr n       0    0eng d</controlfield><datafield ind1=" " ind2=" " tag="010"><subfield code="a">sn 95076270 </subfield></datafield><datafield ind1=" " ind2=" " tag="040"><subfield code="a">OBN</subfield><subfield code="b">eng</subfield><subfield code="c">OBN</subfield><subfield code="d">OCLCQ</subfield><subfield code="d">OCLCF</subfield><subfield code="d">OCLCO</subfield></datafield><datafield ind1="1" ind2=" " tag="029"><subfield code="a">AU@</subfield><subfield code="b">000011783225</subfield></datafield><datafield ind1=" " ind2=" " tag="042"><subfield code="a">msc</subfield></datafield><datafield ind1=" " ind2=" " tag="043"><subfield code="a">n-us-ok</subfield></datafield><datafield ind1="0" ind2="0" tag="245"><subfield code="a">Stillwater daily news.</subfield></datafield><datafield ind1=" " ind2=" " tag="260"><subfield code="a">Stillwater, Okla. :</subfield><subfield code="b">C. Robert Bellatti</subfield></datafield><datafield ind1=" " ind2=" " tag="300"><subfield code="a">v.</subfield></datafield><datafield ind1=" " ind2=" " tag="310"><subfield code="a">Daily (except Sat.)</subfield></datafield><datafield ind1="0" ind2=" " tag="362"><subfield code="a">-v. 8, no. 117 (Nov. 9, 1941).</subfield></datafield><datafield ind1=" " ind2=" " tag="580"><subfield code="a">Weekly edition : Payne County news.</subfield></datafield><datafield ind1=" " ind2=" " tag="588"><subfield code="a">Description based on: Vol. 8, no. 97 (Oct. 16, 1941).</subfield></datafield><datafield ind1=" " ind2="0" tag="651"><subfield code="a">Stillwater (Okla.)</subfield><subfield code="v">Newspapers.</subfield></datafield><datafield ind1=" " ind2="0" tag="651"><subfield code="a">Payne County (Okla.)</subfield><subfield code="v">Newspapers.</subfield></datafield><datafield ind1=" " ind2="7" tag="655"><subfield code="a">Newspapers.</subfield><subfield code="2">fast</subfield><subfield code="0">(OCoLC)fst01423814</subfield></datafield><datafield ind1=" " ind2="7" tag="651"><subfield code="a">Oklahoma</subfield><subfield code="z">Payne County.</subfield><subfield code="2">fast</subfield><subfield code="0">(OCoLC)fst01219312</subfield></datafield><datafield ind1=" " ind2="7" tag="651"><subfield code="a">Oklahoma</subfield><subfield code="z">Stillwater.</subfield><subfield code="2">fast</subfield><subfield code="0">(OCoLC)fst01205001</subfield></datafield><datafield ind1=" " ind2=" " tag="752"><subfield code="a">United States</subfield><subfield code="b">Oklahoma</subfield><subfield code="c">Payne</subfield><subfield code="d">Stillwater.</subfield></datafield><datafield ind1="0" ind2=" " tag="775"><subfield code="t">Payne County news (Stillwater, Okla.)</subfield><subfield code="w">(DLC)sn 95076269</subfield></datafield><datafield ind1="0" ind2="0" tag="780"><subfield code="t">Stillwater news (Stillwater, Okla.)</subfield><subfield code="w">(DLC)sn 95076271</subfield><subfield code="w">(OCoLC)32752494</subfield></datafield><datafield ind1="0" ind2="7" tag="785"><subfield code="t">Stillwater daily press</subfield><subfield code="w">(DLC)sn 95076265</subfield><subfield code="w">(OCoLC)32734314</subfield></datafield><datafield ind1="0" ind2="7" tag="785"><subfield code="t">Stillwater daily news-press</subfield><subfield code="w">(DLC)sn 95076267</subfield><subfield code="w">(OCoLC)27303194</subfield></datafield></record>